
@ARTICLE{1,
author={meb008, K. and Tribeche, M.},
title={Planck radiation law and Einstein coefficients reexamined in Kaniadakis  statistics},
journal={Physical Review E - Statistical, Nonlinear, and Soft Matter Physics},
year={2014},
volume={89},
number={6},
doi={10.1103/PhysRevE.89.062130},
art_number={062130},
note={cited By 28},
url={https://www.scopus.com/inward/record.uri?eid=2-s2.0-84903624848&doi=10.1103%2fPhysRevE.89.062130&partnerID=40&md5=6c8ddd16e31cae055a8471102f4f6422},
document_type={Article},
source={Scopus},
}
