@Misc{Einstie,
author = {Albert Einstien},
title = {Special Relativity},
year = {1905},
url = {https://en.wikipedia.org/wiki/Mass%E2%80%93energy_equivalence#Description},
sourecc = {Wikipedia},
}
% this file will contain bibliographic entries for all the references used by the team members
@ARTICLE{Cooley_mm20b020,
author={Cooley, J.W. and Tukey, J.W.},
title={An algorithm for the machine calculation of complex fourier series},
journal={Mathematics of Computation},
year={1965},
volume={19},
number={90},
pages={249-259},
doi={10.1090/S0025-5718-1965-0178586-1},
note={cited By 5833},
url={https://www.scopus.com/inward/record.uri?eid=2-s2.0-84968470212&doi=10.1090%2fS0025-5718-1965-0178586-1&partnerID=40&md5=6b95c3fc0a50b41926dbcc451b0e0e39},
document_type={Article},
source={Scopus},
}

@Misc{Wikipedia_mm20b020,
author = {Wikipedia},
title = {Fourier series},
howpublished = {\url{https://en.wikipedia.org/wiki/Fourier_series}},
year = {2021},
}

@Misc{MITOPENCOURSEWARE_mm20b020,
author = {MITOPENCOURSEWARE},
title = {Fourier Series: Basics},
howpublished = {\url{https://ocw.mit.edu/courses/mathematics/18-03sc-differential-equations-fall-2011/unit-iii-fourier-series-and-laplace-transform/fourier-series-basics/}},
year = {2011},
}
@misc{ fleming_me027, 
title={3.3: Reversible and Irreversible Pathways},
url={https://chem.libretexts.org/Bookshelves/Physical_and_Theoretical_Chemistry_Textbook_Maps/Book:_Physical_Chemistry_(Fleming)/03:_First_Law_of_Thermodynamics/3.03:_Reversible_and_Irreversible_Pathways},
journal={Chemistry LibreTexts},
publisher={Libretexts},
author={ Fleming, Patrick E},
year={2021},
month={Mar}
}
@misc{libtex_me027,
title={Gas Expansion},
url={https://chem.libretexts.org/Bookshelves/Physical_and_Theoretical_Chemistry_Textbook_Maps/Supplemental_Modules_(Physical_and_Theoretical_Chemistry)/Thermodynamics/Path_Functions/Work/Gas_Expansion},
journal={Chemistry LibreTexts},
publisher={Libretexts},
author={Libretexts},
year={2020},
month={Aug}
}
@misc{donev_me027,
title={Isothermal},
url={https://energyeducation.ca/encyclopedia/Isothermal},
journal={Isothermal - Energy Education},
author={J.M.K.C. Donev et al. (2018). Energy Education - Isothermal [Online]}
}
@ARTICLE{meb008,
author={Ourabah, K. and Tribeche, M.},
title={Planck radiation law and Einstein coefficients reexamined in Kaniadakis  statistics},
journal={Physical Review E - Statistical, Nonlinear, and Soft Matter Physics},
year={2014},
volume={89},
number={6},
doi={10.1103/PhysRevE.89.062130},
art_number={062130},
note={cited By 28},
url={https://www.scopus.com/inward/record.uri?eid=2-s2.0-84903624848&doi=10.1103%2fPhysRevE.89.062130&partnerID=40&md5=6c8ddd16e31cae055a8471102f4f6422},
document_type={Article},
source={Scopus},
}
